<record><leader>00000cas a2200000 a 4500</leader><controlfield tag="001">11779720</controlfield><controlfield tag="008">850308c19669999aludr ne      0   a0eng d</controlfield><datafield ind1=" " ind2=" " tag="010"><subfield code="a">sn 88050234 </subfield></datafield><datafield ind1=" " ind2=" " tag="040"><subfield code="a">AAA</subfield><subfield code="b">eng</subfield><subfield code="c">AAA</subfield><subfield code="d">CPN</subfield><subfield code="d">NSD</subfield><subfield code="d">CUS</subfield><subfield code="d">OCLCQ</subfield><subfield code="d">OCLCF</subfield><subfield code="d">OCLCO</subfield></datafield><datafield ind1=" " ind2=" " tag="012"><subfield code="m">1</subfield></datafield><datafield ind1="1" ind2=" " tag="022"><subfield code="a">1059-6461</subfield><subfield code="l">1059-6461</subfield><subfield code="2">1</subfield></datafield><datafield ind1="1" ind2=" " tag="029"><subfield code="a">AU@</subfield><subfield code="b">000044343012</subfield></datafield><datafield ind1="1" ind2=" " tag="029"><subfield code="a">AU@</subfield><subfield code="b">000042296693</subfield></datafield><datafield ind1=" " ind2=" " tag="032"><subfield code="a">143180</subfield><subfield code="b">USPS</subfield></datafield><datafield ind1=" " ind2=" " tag="037"><subfield code="b">Daily home, No. 4 Sylacauga Highway, P.O. Box 977, Talladega, AL 35160</subfield></datafield><datafield ind1=" " ind2=" " tag="042"><subfield code="a">msc</subfield><subfield code="a">nsdp</subfield></datafield><datafield ind1=" " ind2=" " tag="043"><subfield code="a">n-us-al</subfield></datafield><datafield ind1=" " ind2="0" tag="222"><subfield code="a">Daily home</subfield></datafield><datafield ind1="0" ind2="0" tag="245"><subfield code="a">Daily home.</subfield></datafield><datafield ind1="3" ind2="0" tag="246"><subfield code="a">Daily home Sylacauga news</subfield></datafield><datafield ind1=" " ind2=" " tag="260"><subfield code="a">Talladega, Ala. :</subfield><subfield code="b">Talladega Pub. Co.,</subfield><subfield code="c">1966-</subfield></datafield><datafield ind1=" " ind2=" " tag="300"><subfield code="a">v.</subfield></datafield><datafield ind1=" " ind2=" " tag="310"><subfield code="a">Daily (except Sun.)</subfield></datafield><datafield ind1="0" ind2=" " tag="362"><subfield code="a">Jan. 24, 1966-</subfield></datafield><datafield ind1=" " ind2=" " tag="500"><subfield code="a">Published as: Daily home Sylacauga news, &lt;Dec. 1, 1981-1982&gt;.</subfield></datafield><datafield ind1=" " ind2=" " tag="500"><subfield code="a">Publisher: Consolidated Pub. Co., &lt;Sept. 24, 1991-&gt;</subfield></datafield><datafield ind1=" " ind2=" " tag="580"><subfield code="a">Absorbed: Sylacauga news, Dec. 1, 1981; Sylacauga daily advance, Feb. 14, 1983.</subfield></datafield><datafield ind1=" " ind2=" " tag="588"><subfield code="a">Latest issue consulted: Sept. 24, 1991.</subfield></datafield><datafield ind1=" " ind2="0" tag="651"><subfield code="a">Talladega County (Ala.)</subfield><subfield code="v">Newspapers.</subfield></datafield><datafield ind1=" " ind2="7" tag="655"><subfield code="a">Newspapers.</subfield><subfield code="2">fast</subfield><subfield code="0">(OCoLC)fst01423814</subfield></datafield><datafield ind1=" " ind2="7" tag="651"><subfield code="a">Alabama</subfield><subfield code="z">Talladega County.</subfield><subfield code="2">fast</subfield><subfield code="0">(OCoLC)fst01212281</subfield></datafield><datafield ind1=" " ind2=" " tag="752"><subfield code="a">United States</subfield><subfield code="b">Alabama</subfield><subfield code="c">Talladega</subfield><subfield code="d">Sylacauga.</subfield></datafield><datafield ind1=" " ind2=" " tag="752"><subfield code="a">United States</subfield><subfield code="b">Alabama</subfield><subfield code="c">Talladega</subfield><subfield code="d">Talladega.</subfield></datafield><datafield ind1=" " ind2=" " tag="752"><subfield code="a">United States</subfield><subfield code="b">Alabama</subfield><subfield code="c">St. Clair</subfield><subfield code="d">Pell City.</subfield></datafield><datafield ind1="0" ind2="0" tag="780"><subfield code="t">Talladega daily home and our mountain home</subfield><subfield code="w">(DLC)sn 88050237</subfield></datafield><datafield ind1="1" ind2="5" tag="780"><subfield code="t">Sylacauga news</subfield><subfield code="w">(DLC)sn 88050240</subfield></datafield><datafield ind1="1" ind2="5" tag="780"><subfield code="t">Sylacauga daily advance</subfield><subfield code="w">(DLC)sn 88050233</subfield></datafield></record>